@www{keras_about,
  title = {About Keras},
  url   = {https://keras.io/about/}
}
@article{ddos_survey_1,
  author  = {Zargar, Saman Taghavi and Joshi, James and Tipper, David},
  journal = {IEEE Communications Surveys   Tutorials},
  title   = {A Survey of Defense Mechanisms Against Distributed Denial of Service (DDoS) Flooding Attacks},
  year    = {2013},
  volume  = {15},
  number  = {4},
  pages   = {2046-2069},
  doi     = {10.1109/SURV.2013.031413.00127}
}
@article{ddos_motivations,
  author  = {Tasnuva Mahjabin and Yang Xiao and Guang Sun and Wangdong Jiang},
  title   = {A survey of distributed denial-of-service attack, prevention, and mitigation techniques},
  journal = {International Journal of Distributed Sensor Networks},
  volume  = {13},
  number  = {12},
  pages   = {1550147717741463},
  year    = {2017},
  doi     = {10.1177/1550147717741463},
  url     = { 
        https://doi.org/10.1177/1550147717741463
    },
  eprint  = { 
        https://doi.org/10.1177/1550147717741463
    
    }
}

@article{ddos_survey_3,
  author    = {Neha Agrawal and Shashikala Tapaswi},
  title     = {Defense schemes for variants of distributed denial-of-service (DDoS) attacks in cloud computing: A survey},
  journal   = {Information Security Journal: A Global Perspective},
  volume    = {26},
  number    = {2},
  pages     = {61-73},
  year      = {2017},
  publisher = {Taylor & Francis},
  doi       = {10.1080/19393555.2017.1282995},
  url       = { 
        https://doi.org/10.1080/19393555.2017.1282995
    
    },
  eprint    = { 
        https://doi.org/10.1080/19393555.2017.1282995
    
    }
}
@article{ddos_survey_4,
author = {Jasmeen Kaur Chahal and Abhinav Bhandari and Sunny Behal},
title = {Distributed Denial of Service Attacks: A Threat or Challenge},
journal = {New Review of Information Networking},
volume = {24},
number = {1},
pages = {31-103},
year  = {2019},
publisher = {Routledge},
doi = {10.1080/13614576.2019.1611468},

URL = { 
        https://doi.org/10.1080/13614576.2019.1611468
    
},
eprint = { 
        https://doi.org/10.1080/13614576.2019.1611468
    
}
}
@www{ddos_kaspersky,
  title = {DDoS Report - DDoS attacks in Q4 2020},
  url   = {https://securelist.com/ddos-attacks-in-q4-2020/100650/}
}
@www{ddos_kaspersky_q3_2020,
  title = {DDoS Report - DDoS attacks in Q4 2020},
  url   = {https://securelist.com/ddos-attacks-in-q3-2020/99171/}
}
@misc{slide_mirai,
  Author = {Ron Winward},
  Year = {2018},
  Title = {IoT Attack Handbook},
  url   = {https://www.radware.com/getattachment/402db7f3-0467-4fa3-bb9a-ae88b728e91b/MiraiHandbookEbookFinal_04.pdf.aspx}
}